@book{BLE,
  author      = {Alfredo Rojas, Fernando Gaspar},
  title       = {Bases del Liderazgo en Educación},
  year        = {2006}
}

@book{RUP,
  author      = {Representación de la UNESCO en Perú.},
  title       = {Manual de Gestión para Directores de Instituciones
Educativas},
  year        = {2011}
}

@misc{PGL,
  title = {Problemas de gestión asociados al liderazgo como función directiva},
  year = {2022},
  note = {Consultado en 31 octubre, 2022},
  howpublished = "\url{https://www.scielo.cl/scielo.php?pid=S0718-07052012000100007&script=sci_arttext}",
  url = {https://www.scielo.cl/scielo.php?pid=S0718-07052012000100007&script=sci_arttext/}
}

@article{educ,
	author          = {José Antonio Pareja Fernández de la Reguera},
	journal         = {educ.educ.},
	number          = {1},
	volume          = {12},
	title           = {Liderazgo y Conflicto en las Organizaciones Educativas},
	year            = {2009}
}